<?xml version='1.0' encoding='UTF-8'?>
<record xmlns="http://www.loc.gov/MARC21/slim">
  <leader>00843cam a2200205 a 4500</leader>
  <controlfield tag="001">500998</controlfield>
  <controlfield tag="003">NjP</controlfield>
  <controlfield tag="005">20180810123028.0</controlfield>
  <controlfield tag="008">890322s1940    ir a          000|0 ara d</controlfield>
  <datafield tag="024" ind1="7" ind2=" ">
    <subfield code="a">princeton_aco003033</subfield>
    <subfield code="2">local</subfield>
  </datafield>
  <datafield ind1=" " ind2=" " tag="035">
    <subfield code="a">(OCoLC)26578200</subfield>
  </datafield>
  <datafield ind1=" " ind2=" " tag="035">
    <subfield code="a">(CStRLIN)NJPG89-B14252</subfield>
  </datafield>
  <datafield ind1=" " ind2=" " tag="035">
    <subfield code="9">ACH6774TS</subfield>
  </datafield>
  <datafield ind1=" " ind2=" " tag="040">
    <subfield code="a">NjP</subfield>
    <subfield code="c">NjP</subfield>
  </datafield>
  <datafield ind1="2" ind2=" " tag="100">
    <subfield code="a">Sardār Kābulī, Ḥaydar Qulī Khān,</subfield>
    <subfield code="d">1877-1952.</subfield>
    <subfield code="0">http://id.loc.gov/authorities/names/n88202361</subfield>
  </datafield>
  <datafield ind1="1" ind2="0" tag="245">
    <subfield code="a">Tuḥfat al-ajillah fī maʻrifat al-qiblah /</subfield>
    <subfield code="c">taʾlīf Ḥaydar Qulī ibn Pūr Muḥammad Khān Sardār Kābulī.</subfield>
  </datafield>
  <datafield ind1=" " ind2=" " tag="260">
    <subfield code="a">[Iran] :</subfield>
    <subfield code="b">Sharikat Chāpkhānah ʻIlmī,</subfield>
    <subfield code="c">1319 [1940]</subfield>
  </datafield>
  <datafield ind1=" " ind2=" " tag="300">
    <subfield code="a">74, 2, 2 p. :</subfield>
    <subfield code="b">ill. ;</subfield>
    <subfield code="c">24 cm.</subfield>
  </datafield>
  <datafield ind1=" " ind2="0" tag="650">
    <subfield code="a">Qiblah.</subfield>
    <subfield code="0">http://id.loc.gov/authorities/subjects/sh85109401</subfield>
  </datafield>
  <datafield ind1=" " ind2=" " tag="998">
    <subfield code="a">05/31/94</subfield>
    <subfield code="s">9118</subfield>
    <subfield code="n">NjP</subfield>
    <subfield code="w">NJPG89B14252</subfield>
    <subfield code="d">03/22/89</subfield>
    <subfield code="c">JEB</subfield>
    <subfield code="b">KC</subfield>
    <subfield code="i">940531</subfield>
    <subfield code="l">NJPG</subfield>
  </datafield>
  <datafield ind1=" " ind2=" " tag="911">
    <subfield code="a">19940612</subfield>
  </datafield>
  <datafield ind1=" " ind2=" " tag="912">
    <subfield code="a">19940531000000.0</subfield>
  </datafield>
  <datafield ind1="0" ind2="0" tag="852">
    <subfield code="0">544970</subfield>
    <subfield code="b">rcppa</subfield>
    <subfield code="t">2</subfield>
    <subfield code="h">BP187.45</subfield>
    <subfield code="i">.S272 1940</subfield>
    <subfield code="x">tr fr arab</subfield>
  </datafield>
  <datafield ind1=" " ind2=" " tag="959">
    <subfield code="a">2005-10-27 09:19:02 -0500</subfield>
  </datafield>
</record>
